2875 4709
229 325 316 393 1408
572 341 681 390 unum
707 335 905 390 vntuotruu
930 339 969 389 tu
1017 415 1018 418 Ἴ
1068 333 1071 345 “

230 483 416 550 pntsepultnm
427 485 476 538 ast,
494 495 545 531 non
561 482 640 532 etiam
653 481 696 532 ubi
707 489 758 532 ω’·
795 474 848 542 sue,'
861 481 961 531 Fletus.

230 565 290 612 tere
309 556 425 609 membre
452 558 508 605 aine
529 556 625 619 eapite.
649 558 758 606 nomm.
829 561 860 606 to
878 559 936 606 Cute
950 554 1059 619 cremer]
1076 557 1160 608 Quam
1174 556 1327 608 Deusueill·

231 633 310 684 Simul
320 630 443 693 masta]
459 631 580 692 simulne,
590 631 617 680 id
629 640 679 693 est,
687 637 759 694 post·
796 639 839 680 eet
852 633 902 680 ille
922 633 980 682 telis
998 631 1120 680 acuendis
1139 646 1189 680 nou
1207 645 1282 697 aqna,
1297 641 1328 685 ut

231 724 308 774 quant
327 721 375 771 per
391 713 472 770 eaput
490 713 562 756 tnutn
572 707 669 771 jurasti
684 722 715 756 ae
733 714 759 756 te
796 707 853 756 lieri
882 709 957 770 solet,
985 709 1031 758 aed
1058 722 1148 758 cruore
1175 707 1329 772 perdundat,

231 781 399 833 obstrinxisti.
432 781 557 845 Numqui
574 789 635 832 rota
651 781 760 830 feeitae
797 782 935 831 nutantium
962 784 1035 831 malis
1066 783 1191 846 gaudena.
1219 784 1329 833 Torreat.

232 873 261 908 se
286 858 407 920 devovet,
432 857 514 922 ligare
541 872 570 907 se
595 857 759 922 intelligitur.
799 857 859 907 Cute
874 857 983 920 eruenta]
1001 858 1065 906 Cute
1082 871 1185 920 aspersa
1202 858 1329 921 sauguine

231 932 333 985 Salmas.
797 931 1328 996 sagitternm‚queainlilaeotescuuutnr‚

264 1004 451 1070 [Schoenborn.
461 1008 486 1055 8.
502 1004 638 1068 enitentem]
798 1008 848 1069 rel,
859 1013 966 1057 cruenta
982 1007 1077 1058 dieitur
1088 1021 1144 1069 eos,
1158 1013 1265 1070 propter
1276 1023 1329 1057 ete·

263 1077 761 1144 thrtllirsessraJInpublieumprodia
798 1083 843 1130 des
870 1093 1013 1132 examore
1037 1083 1158 1144 orientes,
1180 1083 1232 1143 sel,
1258 1081 1328 1146 quod

233 1156 347 1206 amultis
354 1153 496 1219 juvenibus
508 1154 687 1204 unieearnata.
755 1177 760 1184 ·
797 1157 982 1208 immoderatus
1001 1171 1072 1206 anrnr
1090 1157 1197 1207 exitium
1218 1157 1330 1207 amantis

264 1231 404 1294 elimarit
418 1230 516 1292 nuru]
532 1230 605 1279 Utile
621 1236 663 1279 est
674 1229 723 1279 tibi
734 1235 762 1278 et
799 1239 920 1282 maturet.
1001 1265 1004 1274 ι

233 1309 290 1357 eliia
305 1306 341 1370 (ei
353 1305 468 1371 perjuria
479 1319 531 1354 uon
544 1304 697 1369 puniantur)
708 1319 762 1354 suu·
817 1353 819 1356 .
832 1312 863 1357 lt
875 1309 955 1358 Purdae
965 1308 1011 1357 ts'dl
1021 1305 1117 1368 munit]
1128 1306 1258 1358 Jureutus
1269 1319 1331 1370 per·

234 1382 268 1434 tri
279 1388 389 1430 mortnoe
405 1380 530 1443 promisee
543 1394 594 1429 non
606 1381 761 1444 persoluere.
796 1384 860 1447 jurii
871 1385 920 1446 tui,
930 1391 958 1433 et
970 1383 1021 1432 doli
1033 1381 1173 1432 meretricii
1185 1381 1284 1446 ignara.

233 1455 761 1520 Mutriaes'uerea]0ujussuaneare.perens
833 1462 865 1509 18
880 1457 989 1508 Seruitus
1004 1458 1089 1507 merit
1102 1455 1173 1519 nona]
1191 1455 1330 1506 Antstures

234 1531 377 1595 pejerando
397 1531 502 1593 leaerit,
520 1545 551 1581 ee
566 1540 666 1581 tantam
682 1533 763 1582 cineri
800 1533 929 1584 recedunt
940 1533 1059 1597 nori‚qui
1069 1531 1115 1582 tibi
1123 1533 1249 1582 serviant.
1277 1532 1332 1582 Nee

234 1613 314 1670 atque
325 1606 423 1657 nasibus
435 1606 492 1669 ejus
501 1605 620 1668 iujuriam
633 1607 762 1656 intulerit.
798 1608 902 1672 priores]
913 1608 972 1658 Nee
979 1615 1082 1657 vetares
1091 1613 1219 1656 smatorer
1225 1605 1331 1656 domurn

234 1681 289 1730 Per
299 1695 357 1731 ossa
368 1681 434 1732 enim
445 1686 474 1728 et
489 1680 588 1729 einerer
603 1695 706 1732 suorum
719 1681 763 1744 ju·
800 1689 870 1732 taam
892 1681 1049 1747 relinquunt,
1071 1682 1188 1746 quamvis
1208 1680 1234 1729 id
1258 1695 1331 1745 saepe

234 1769 294 1806 rare
305 1764 333 1806 et
342 1754 468 1805 obtestari
479 1755 569 1805 aolitos
580 1757 707 1820 antiquos,
717 1769 764 1806 nu·
801 1758 1133 1821 minentnrprnptertnnm
1145 1756 1297 1820 periurium.
1328 1779 1331 1790 ·

233 1837 290 1882 tum
312 1840 353 1881 est
373 1846 407 1881 ex
423 1830 520 1880 libuli.
540 1830 764 1882 lib.1st.‘l’sree
819 1830 880 1894 ¹[ld
901 1831 989 1882 Bentl.
1009 1831 1078 1896 apud
1099 1831 1193 1893 deecit,
1216 1831 1332 1894 improbo

235 1907 651 1970 perimmaturnturepreeosossa
659 1907 765 1967 rororis,
801 1911 897 1956 tectum.
927 1905 1139 1957 dunnenheim-l.
1154 1906 1283 1970 retium]

234 1982 278 2032 Sic
289 1982 360 2031 ,bene
376 1981 424 2030 snb
443 1988 534 2030 tenere
551 1995 632 2045 parra
647 1981 765 2044 quierunt
834 1987 867 2032 2⁰
883 1982 952 2045 nepe
968 1982 1065 2045 minuti]
1082 1981 1120 2032 Ut
1131 1981 1163 2030 tle
1175 1996 1203 2030 se
1213 1982 1332 2032 'libullua

235 2058 329 2109 humo-⁹
341 2059 450 2107 Torreat.
466 2055 650 2118 [Seuuenborn.
661 2060 687 2106 ἱ.
697 2072 765 2120 epm·
802 2057 854 2107 sit:
878 2057 990 2108 ‘durari
1010 2057 1114 2121 quotiea
1125 2055 1274 2105 'rediturum
1297 2057 1331 2105 ed

234 2135 293 2197 tm]
802 2132 1048 2196 liminanunqusmi
1077 2129 1222 2180 Cumbene
1235 2129 1334 2194 jurari,

269 2214 301 2259 1⁰
325 2210 360 2258 Et
382 2213 431 2257 toto
451 2206 582 2268 rodimur]
607 2206 642 2254 Et
662 2219 764 2256 omnem
804 2221 849 2270 pee
861 2214 946 2256 temen
958 2207 1015 2269 ipse
1027 2205 1112 2255 redit.’

235 2283 324 2334 mnndi
350 2283 514 2344 majestatem
541 2279 642 2342 fellere,
663 2281 767 2330 acilicet
835 2286 866 2332 et
883 2282 1006 2344 suasuris]
1023 2282 1123 2331 Matreu
1138 2279 1198 2330 liliis
1217 2280 1271 2330 tuit
1288 2282 1334 2344 ju·

235 2356 331 2422 sydera
349 2371 408 2421 qnae
424 2363 486 2404 sunt
505 2355 561 2403 siaa
577 2362 653 2403 noete
667 2355 766 2404 silenti.
804 2358 911 2408 senibus
922 2365 1050 2421 metuunt,
1061 2371 1093 2407 ne
1103 2364 1156 2406 ate
1167 2371 1336 2421 corrumpun-

237 2435 296 2485 l'oto
315 2432 443 2494 teritum,
459 2429 513 2495 dfe]
533 2430 597 2480 'l'ale
613 2430 663 2480 ison
677 2429 766 2480 AEnera
805 2439 856 2482 tur.
906 2431 1096 2494 [Schoenhorn.
1113 2437 1138 2482 l·
1159 2436 1266 2482 melmun
1296 2433 1335 2480 oi-

232 2509 414 2575 jusjurandum
431 2508 505 2572 virg.
518 2507 577 2557 AEn.
589 2521 631 2557 tv.
647 2506 655 2535 ⁴
668 2507 721 2556 Per
732 2507 765 2556 tl·
802 2507 899 2571 mentm]

236 2586 301 2638 dere
315 2585 390 2649 juro,
410 2583 463 2632 Per
484 2596 601 2645 superos,
621 2589 650 2632 et
671 2582 693 2630 si
714 2598 766 2647 qua
835 2586 867 2632 Ὦ
893 2584 926 2634 Te
946 2597 1013 2633 susm
1035 2582 1116 2645 psrrri]
1152 2583 1232 2632 Senes
1253 2583 1334 2634 etiam

237 2659 303 2708 tides
321 2659 412 2708 tellure
429 2659 479 2707 sub
497 2658 550 2707 ima
567 2657 626 2708 est!
657 2660 694 2710 Et
707 2659 765 2710 AEu.
803 2665 969 2717 morannum
980 2656 1139 2720 dilapidetur
1152 2657 1335 2720 patrimonium

237 2747 278 2785 xt-
303 2732 424 2784 ‘Coelum
442 2734 492 2783 hoe
509 2739 538 2783 et
558 2734 660 2784 nonanis
680 2735 766 2786 sidera
803 2731 892 2780 liberis
903 2732 955 2780 suia
967 2733 1095 2790 relictum·
1107 2732 1249 2794 Mitt-’tenus
1260 2747 1337 2794 nunes·

237 2806 336 2861 testor.¹
763 2868 766 2874 Ι
808 2803 931 2868 Virrium]
950 2807 980 2855 ld
988 2815 1038 2869 eat,
1049 2822 1107 2870 qun
1116 2808 1198 2856 minus
1209 2805 1334 2858 fortunam

271 2889 302 2933 12
318 2885 527 2950 Mor-temutes]
545 2886 617 2935 Dens
633 2886 764 2937 immor-ta-
803 2891 863 2932 aunt
873 2890 901 2932 et
909 2882 1238 2946 emsbilea,jrrueuibuaque
1249 2897 1337 2946 nuper

236 2960 276 3009 lar
293 2958 430 3011 ἀθανάτους.
461 2961 533 3010 Nihil
551 2961 619 3010 enim
636 2962 765 3025 vulgatius
804 2957 829 3006 iu
842 2958 1032 3010 matrimonium
1051 2957 1196 3016 collocato,
1206 2964 1338 3024 metuunt,

238 3052 313 3101 uustn
326 3039 440 3101 perilloa
452 3037 550 3098 jurare.
803 3046 837 3082 ne
855 3044 899 3082 tus
922 3032 1051 3096 popularia
1072 3047 1140 3090 uara,
1160 3046 1192 3081 ne
1214 3032 1336 3094 publicus

270 3117 302 3161 ll
321 3110 548 3174 Ridetloel'esrsa]
566 3111 614 3160 lite
630 3120 765 3176 perpetua
804 3106 876 3160 furor
901 3122 967 3157 rarte
1000 3114 1050 3157 tute
1080 3106 1279 3171 pulchritudinis
1306 3117 1338 3159 et

239 3186 674 3250 amantiumintersequeriusoutoe.
696 3174 766 3240 Qun.
804 3182 954 3245 venustatis,
984 3183 1084 3232 illorum
1114 3181 1220 3232 maritus
1248 3184 1275 3234 in
1297 3186 1337 3234 tui

239 3261 272 3310 lia
288 3259 333 3309 illa
342 3260 423 3310 etium
434 3260 563 3311 Ariadnen
574 3262 652 3324 longe
664 3265 766 3326 pnleer.
804 3273 891 3309 amore
900 3256 1165 3322 occupatosdetineat
1173 3264 1200 3308 et
1209 3259 1339 3321 retardet,

239 3335 304 3384 riura
314 3334 384 3396 apud
400 3335 496 3385 catull.
514 3336 612 3386 ‘Nune
623 3336 679 3399 jasn
696 3339 767 3386 nulla
804 3334 912 3399 illosque
923 3336 949 3384 in
960 3349 989 3385 se
1000 3334 1116 3384 antendie
1132 3334 1263 3398 segniores
1275 3336 1337 3385 retl-

239 3410 294 3458 riro
307 3409 408 3472 juranti
427 3407 523 3458 semine
542 3409 651 3460 eredat?
688 3412 765 3465 Quod
805 3407 860 3460 det.
875 3409 961 3460 Lrsbr'm

238 3498 304 3548 ergo
314 3487 323 3514 ‘
333 3485 460 3534 Venerem
472 3485 571 3535 ridere’
583 3486 621 3536 ait
630 3485 766 3545 Horatius,
837 3489 869 3534 2⁴
887 3485 953 3535 darn
962 3485 1072 3548 meritur]
1088 3484 1240 3535 Torrentius
1249 3499 1338 3537 usrmsr

239 3557 310 3608 idad
322 3565 471 3607 eouauetum
487 3559 695 3610 muliercularum
709 3561 765 3625 jus·
804 3574 851 3624 pro
864 3567 943 3610 rento
960 3561 1158 3624 interpretatur,
1174 3565 1203 3610 nt
1222 3560 1339 3623 eleganti

235 3633 377 3697 jurandum
398 3633 548 3694 referemus,
570 3649 616 3698 per
635 3637 766 3688 lunonem
804 3636 969 3688 similitudine
990 3649 1069 3686 noros
1091 3635 1196 3686 meriton
1217 3639 1338 3686 meretri-

240 3723 311 3758 suam
333 3709 514 3774 Veneremque
533 3711 686 3774 jurantium.
707 3713 765 3762 Tor·
804 3714 870 3762 eulae
889 3710 981 3776 forma,
1003 3713 1083 3762 veluti
1098 3718 1176 3760 sento
1195 3711 1292 3772 aliquo,
1310 3715 1338 3764 in

239 3791 302 3834 reat.
336 3785 410 3834 umes
424 3786 478 3849 isne]
494 3785 553 3835 lloc
563 3785 667 3836 deridet
677 3788 766 3836 Vanus
804 3787 847 3838 ria
868 3787 994 3836 retardari
1016 3785 1179 3849 detinerique
1197 3785 1339 3848 significet.

239 3857 337 3908 Tibull.
352 3859 489 3922 ‘Perjuria
499 3859 568 3909 ridet
578 3869 707 3910 amantum
717 3859 765 3912 Ju-
804 3861 872 3911 Auro
879 3851 989 3925 momina]
1006 3863 1047 3912 Ne
1055 3864 1092 3912 tui
1100 3862 1339 3924 adurensenurtes.

240 3934 319 3997 plter.
329 3941 358 3983 et
366 3941 459 3985 rentur
471 3936 544 3984 irrite
554 3933 626 3985 ferre
638 3935 733 3998 jubet!
804 3945 833 3987 et
852 3936 995 3997 blanditiae,
1019 3938 1126 3988 maritus
1142 3951 1200 3988 snos
1222 3937 1256 3988 ab
1277 3952 1339 3990 sete

274 4014 305 4059 1⁴
316 4010 439 4074 Simplicsa
448 4010 578 4074 Nympha]
591 4011 718 4075 Nymphae
728 4011 766 4060 fa·
805 4013 927 4074 alienent,
944 4013 1019 4076 inque
1033 4007 1079 4062 tuu'
1092 4027 1179 4063 amore
1191 4021 1339 4078 ooeupstoa

241 4082 314 4144 elles,
334 4085 437 4135 minime
458 4087 542 4148 maire,
565 4101 616 4136 uon
635 4087 766 4136 iracunda
804 4087 948 4136 detineant.

240 4157 348 4207 Veneris
364 4161 609 4224 comites,nimironr
621 4163 712 4220 donus.
724 4163 766 4214 lli-
805 4161 869 4214 Ona
885 4175 925 4214 rx.
941 4163 1103 4228 napusermi.
1132 4164 1175 4215 An
1193 4165 1338 4216 vanorum.
