2875 4709
357 417 516 468 uoaaarr
540 417 753 470 saeuorum
779 421 851 470 ura.
874 419 916 470 rr.
936 407 968 472 3.
1120 406 1206 474 1697

105 558 389 624 aplaubairsama]
518 569 550 588 ‘t
676 566 742 614 fle
759 561 875 628 Ponere]
889 561 1050 630 lu'poataere.
1079 566 1149 619 Vetat
1158 570 1206 634 api·

140 638 173 684 tl
185 633 230 682 Nil
239 633 304 682 auli
314 633 412 696 oddarrr]
424 635 495 685 Nibii
508 643 637 699 preterea
675 637 724 702 oia]
739 639 963 690 Qnaanadanodura
972 641 1000 691 ln
1008 642 1094 705 apiria.

106 712 207 775 loquar.
240 709 359 773 Fortiter]
378 711 577 762 liortianiroo.¹
631 723 634 728 ·
707 716 742 762 49
759 715 884 779 Patara]
909 713 1048 779 vagantea.
1089 718 1161 769 cete
1178 722 1208 770 de

139 790 172 837 48
191 787 267 842 Quam
284 785 358 848 nolu]
376 785 501 836 Definitio
519 786 635 839 inaaniar.
676 788 773 838 unare
787 789 868 853 polilt]
892 791 915 839 Α
938 791 981 839 ria
1002 798 1074 842 recta
1090 792 1208 846 abderit.

110 861 285 925 Qrearraaqae]
303 860 347 910 Sic
363 861 445 911 nostri
461 876 565 926 qnoque
583 877 636 914 me·
677 862 754 926 [Vat.
766 865 840 914 ltorn.
850 869 877 913 tl.
892 867 1122 930 daaoetotraara‘trJ

108 938 184 988 llorer
194 936 313 988 codieer:
330 943 392 986 ante
403 951 552 1000 pronaque
567 939 637 1002 lege·
709 943 743 992 ao
762 939 831 988 Uarr
844 941 950 1004 artatque]
963 941 1028 990 'l'rea
1044 941 1105 991 libri
1122 949 1208 994 retua-

109 1013 193 1074 batur‚
216 1020 246 1062 et
267 1012 371 1075 egregie
391 1028 462 1066 ruore
480 1014 638 1075 Stoicorum,
679 1011 774 1064 tlarirni
794 1029 857 1065 rara
874 1015 990 1079 urlaqae,
1015 1019 1044 1067 et
1062 1018 1090 1066 irr
1109 1017 1209 1082 optirao

110 1087 154 1153 qui
166 1088 256 1137 aurumi
273 1087 411 1138 Dialectici
426 1093 511 1144 eraut.
523 1104 539 1138 a
549 1088 639 1139 delini·
680 1087 797 1139 additum
825 1092 886 1140 ‘rel
907 1091 1020 1155 atrtqael
1039 1093 1149 1158 -Atque
1171 1095 1209 1144 ita

109 1164 181 1213 tione
193 1161 292 1212 iuitiurn
303 1160 381 1212 fauit:
397 1163 474 1225 paulo
485 1169 585 1212 tautum
594 1165 638 1215 ob·
675 1146 831 1228 Philoropbi
849 1166 933 1228 dunt,
954 1167 1090 1218 raritatem
1112 1168 1210 1232 airnpli·

110 1239 210 1288 acuriua
221 1251 275 1288 aera
288 1245 394 1299 tractat,
404 1243 411 1266 ¹
421 1236 532 1289 lirruria’
545 1245 573 1287 et
583 1239 590 1266 ¹
601 1239 639 1292 irr-
679 1253 737 1288 eeru
747 1253 804 1290 erae
821 1255 851 1290 ae
869 1248 969 1292 tertaru
985 1248 1094 1304 natara;
1109 1257 1211 1294 errorea

110 1314 206 1364 sarria’
233 1315 360 1365 voeabula
391 1328 442 1363 non
470 1313 640 1378 distinguere.
679 1315 775 1376 rarior,
797 1315 965 1380 multiplicer,
986 1323 1065 1382 atqua
1086 1315 1210 1368 inlinitur.

110 1387 192 1440 Furor
208 1391 278 1440 euim
296 1389 448 1453 pierumque
465 1403 497 1437 ea
514 1399 573 1439 atra
589 1389 640 1440 biie
682 1388 793 1439 Torreat.
855 1451 859 1460 ι

110 1465 201 1516 existit
217 1471 245 1513 et
262 1463 289 1512 in
305 1463 452 1526 sapientem
469 1463 564 1514 eadere
581 1479 641 1528 por-
680 1466 943 1533 ι411ξ.“ιιιιι·]11ιιιιι
960 1474 999 1518 eat
1016 1483 1090 1520 error
1102 1470 1211 1536 utrique.
1263 1485 1270 1496 ·

110 1548 168 1591 aet:
189 1545 217 1588 at
236 1552 298 1588 veru
317 1536 454 1598 ‘taranta’
473 1551 531 1603 quaa
547 1539 641 1604 juncta
680 1537 1211 1606 MaoedaiihditpartibuaJSederroriiie
1311 1533 1315 1540 ¹

110 1615 293 1674 attribueret,
309 1611 386 1662 animi
403 1613 460 1662 aeli.
475 1615 575 1677 vitium,
586 1616 641 1665 aira
681 1615 756 1678 quael
772 1615 931 1666 ludibundus
948 1618 975 1668 in
997 1618 1077 1670 rariie
1091 1627 1212 1670 vertatur

112 1687 250 1752 aegritudo,
271 1687 407 1752 rapientia
436 1689 568 1739 contraria
590 1697 640 1740 eat.
681 1690 810 1753 partibua,
818 1698 848 1740 ut
863 1692 1032 1755 para‘dextra
1043 1699 1071 1743 et
1079 1695 1195 1744 ainiatra.

113 1764 224 1814 Torreat.
296 1774 304 1785 ⁸
716 1767 762 1828 [dl
779 1765 1100 1834 vrr.1tom.r.arartar.1
1234 1811 1237 1814 .

143 1842 176 1888 44
189 1836 312 1901 Portirra]
320 1837 415 1888 Subula
423 1837 514 1889 Stoici.
536 1839 608 1902 [Vat.
616 1844 641 1890 4.
714 1843 747 1889 58
765 1840 871 1889 eandm
882 1841 975 1904 trabat]
997 1843 1054 1892 lloe
1068 1852 1119 1907 art,
1133 1845 1214 1898 aibiiia

110 1919 134 1964 et
150 1913 275 1978 portinere]
350 1947 371 1964 ..
681 1920 710 1963 et
729 1913 782 1963 riou
801 1915 895 1977 dignae
911 1915 955 1977 rit,
974 1922 1004 1965 nt
1020 1931 1054 1966 ex
1067 1918 1213 1984 Popbprio-

144 1993 176 2038 45
193 1987 323 2050 Autumni]
336 1987 457 2038 iuuenum
469 1992 554 2052 putat.
584 1987 642 2036 Hor
683 1987 723 2038 nia
734 1989 866 2040 aeuteutia
877 1989 1066 2054 interpreatur
1076 1993 1214 2044 Lanabinaa

111 2063 324 2126 magnorsorraulo
344 2064 423 2128 regar]
447 2064 560 2114 Foraralu
582 2077 641 2127 pro·
683 2072 769 2114 auurto
789 2080 805 2113 a
822 2077 960 2129 puerorum
976 2080 1049 2118 rnora
1067 2069 1215 2132 proverbio,

112 2139 169 2203 pria
184 2140 251 2203 jurir
270 2139 424 2190 vocabulum
442 2147 499 2190 eat:
517 2139 643 2190 ‘Faunu-
683 2139 728 2201 qui
747 2153 848 2200 eorura,
865 2153 931 2204 quoa
948 2141 1045 2192 dorlani
1065 2155 1124 2193 erra
1144 2144 1215 2194 auia·

112 2213 165 2264 iaa'
183 2216 250 2266 enirn
267 2216 396 2266 rorabant
410 2217 473 2267 JCti
490 2215 643 2280 properitio·
684 2213 759 2270 baar,
779 2223 855 2279 tergo
871 2216 962 2266 eeudre
980 2215 1063 2267 inrtar
1083 2231 1228 2285 apponerev

113 2304 159 2338 ner
167 2289 292 2354 quasdam
304 2291 381 2340 certia
391 2307 423 2342 ae
431 2293 578 2342 rolennibua
586 2306 642 2342 rer·
683 2290 803 2340 uolebant
820 2290 926 2356 aliquid,
941 2305 993 2357 qao
1012 2293 1092 2342 aelati
1102 2293 1216 2356 peeridu

115 2369 154 2420 bia
165 2377 356 2433 conceptae-ae
367 2371 424 2436 qaia
439 2371 643 2421 ira-inatltuenda
683 2365 851 2416 haberentur.
874 2364 1080 2418 Addit'lbarnebi
1089 2369 1217 2432 interpra-

113 2443 216 2494 artioua
234 2445 274 2495 rei
298 2446 422 2510 petitione
439 2447 527 2512 alique
540 2447 643 2497 aberra·
684 2443 811 2492 tationem
822 2441 872 2492 ribi
882 2443 966 2493 uniunt
977 2444 1092 2506 lime·
1116 2445 1216 2495 Titine·

114 2524 167 2580 ret,
190 2534 254 2584 quaa
275 2521 348 2584 aequi
368 2535 456 2571 omuer
479 2521 644 2572 tenebantur.
684 2515 732 2569 boa
754 2518 824 2568 enirn
844 2531 887 2576 ιιι
905 2522 930 2568 d.
947 2517 1076 2568 ‘caudam
1095 2518 1216 2570 trabere'

115 2596 192 2642 Suam
207 2608 270 2658 ergo
287 2595 328 2644 bie
345 2597 424 2646 etiam
439 2595 553 2652 stoicae,
564 2597 645 2648 iuatar
685 2591 818 2656 expernit,
833 2607 881 2656 pru
901 2590 1036 2656 magnifiee
1052 2594 1217 2658 auparbeqne

115 2669 249 2726 Pretoria'.
261 2667 395 2720 formulam
407 2671 539 2733 proponit,
551 2685 646 2735 exque
686 2667 819 2727 incedere,
842 2672 870 2715 ui
891 2667 918 2715 bi
940 2667 985 2731 qni
1007 2667 1084 2731 longo
1103 2676 1217 2734 apr-ara

117 2745 158 2794 rei
177 2759 250 2808 reget
267 2745 316 2808 ipal
333 2752 513 2808 agnuaeantaa
525 2747 645 2795 inuenire.
687 2747 784 2790 terram
795 2749 915 2801 aerruutr
934 2749 1045 2792 traetarn
1057 2742 1169 2794 furtaaaa
1184 2745 1217 2794 ab

118 2819 228 2869 Torreat.
263 2819 385 2882 Ferraria]
402 2819 468 2870 liaeo
479 2817 605 2872 definitio.
686 2816 787 2877 raihun,
810 2822 840 2865 ut
857 2816 932 2880 galila
950 2829 981 2864 ae
1001 2817 1154 2879 paronibaa,
1172 2820 1218 2882 qui

149 2897 183 2944 ld
202 2893 373 2958 Nareooer'pe]
389 2893 646 2958 Hreeautiquieorn·
687 2905 736 2941 aua
757 2889 913 2940 inaoleaeuut
937 2889 1031 2952 canda,
1052 2905 1084 2940 ao
1110 2891 1218 2942 mirifice

116 2975 276 3019 meutnrorea
297 2968 423 3019 Stertinio
443 2968 575 3019 tribuunt:
601 2969 647 3019 aed
687 2965 861 3028 aibiplaoerrt.
895 2965 955 3015 Nee
968 2965 1129 3030 aileboquori
1146 2967 1218 3032 igno·

118 3059 210 3110 parum
222 3043 312 3107 refert,
323 3053 445 3094 utrumne
455 3043 647 3096 astertinload
689 3048 730 3092 tua
750 3041 812 3092 naibi
828 3041 985 3092 Sebuiiaater
1000 3041 1112 3108 quadarn
1131 3044 1156 3093 iu
1174 3057 1219 3094 eo·

117 3119 316 3185 Daroaaippurrr,
337 3133 369 3168 an
386 3135 401 3168 a
420 3121 581 3184 Damaaippo
599 3122 647 3172 aub
689 3118 748 3174 diee
759 3117 908 3182 adaeripalt,
922 3118 930 3146 ‘
943 3116 1058 3168 Caudaan
1070 3117 1170 3182 pariter
1181 3121 1221 3169 di·

119 3208 231 3258 perrona
250 3194 367 3245 Stertiuii
384 3195 417 3244 nd
433 3193 572 3246 Horatio·
589 3209 647 3259 pro·
689 3187 784 3247 euutu’r
795 3195 898 3246 trairere
909 3200 938 3243 et
949 3193 1015 3243 ebrii
1025 3200 1054 3245 et
1063 3195 1148 3246 iuraui
1161 3209 1221 3260 pro·

118 3269 244 3322 ferentur.
290 3271 359 3322 iliud
381 3279 454 3322 uerte
475 3273 543 3338 quud
565 3273 649 3338 aequi·
688 3269 778 3320 verbio
790 3268 869 3320 trito!
879 3269 987 3319 Torreat.
1011 3269 1220 3334 cauteriar]

121 3353 179 3394 tur:
205 3346 282 3396 ‘Qui
305 3345 352 3394 tibi
374 3361 465 3396 nomen
487 3348 583 3398 lnaann
604 3363 649 3412 po·
687 3347 763 3398 Sient
773 3345 881 3396 rtoiidua
892 3351 922 3394 et
932 3345 1036 3406 atuitur,
1052 3346 1127 3410 euJua
1144 3357 1219 3411 tergo

55 3460 59 3468 .
121 3417 215 3480 ruere,'
232 3434 282 3470 uon
297 3421 335 3470 ita
351 3421 378 3469 in
395 3422 578 3486 Damaaippuua
589 3437 650 3486 qua·
689 3421 772 3472 cauda
789 3420 925 3470 animantia
944 3434 991 3483 per
1008 3420 1163 3473 deririeoena
1175 3438 1220 3487 ap·

121 3495 191 3556 drot,
208 3494 252 3566 ¹eui
272 3495 434 3546 ablererrio
449 3511 591 3560 cognomen
604 3497 651 3546 ad·
691 3494 828 3558 pendatur.
879 3494 968 3552 Graue·
989 3510 1062 3544 aaran
1088 3496 1219 3562 Statilio]

121 3569 254 3622 horrebat:
272 3570 651 3634 quamquam‘iuaanl'nurnan
690 3570 762 3620 iliae
783 3573 901 3636 apparet„
923 3567 992 3631 quod
1013 3576 1076 3619 aute
1097 3569 1220 3637 dlxiruna,

122 3662 174 3696 non
192 3645 226 3696 de
244 3651 373 3710 perpetuo
393 3644 478 3707 aliquo
498 3645 652 3708 cognomine
691 3644 816 3697 confundi
835 3647 870 3694 ab
890 3643 1002 3696 Horatio
1018 3645 1172 3697 ‘atultitiaa'
1193 3659 1223 3699 et

122 3717 653 3786 biedietunraeeiplo,quaieblereurialia,
691 3719 824 3770 ‘sutoria'
839 3715 972 3768 vocabula.
1005 3717 1072 3768 Naua
1084 3719 1222 3778 furere,eo

124 3799 169 3849 aed
192 3798 366 3864 appellatione
392 3793 501 3861 quadarn
527 3793 595 3844 iurte
618 3809 652 3844 ex
692 3796 769 3846 nrudo
779 3809 831 3860 quo
840 3793 881 3844 bie
893 3792 996 3856 dieitur,
1006 3808 1038 3843 ex
1055 3798 1222 3860 eorporirln·

120 3875 210 3940 iurgio
230 3883 298 3932 orta,
315 3881 345 3925 ut
363 3874 412 3924 boe
434 3873 491 3936 ipao
512 3871 652 3923 Sermone:
694 3871 821 3937 temperie
832 3869 911 3920 etiarn
923 3868 1026 3932 aapiena
1037 3876 1140 3931 puteat:
1158 3875 1223 3924 atul-

124 3949 249 4000 ‘Dlxerlt
268 3950 383 3999 turanum
405 3948 449 4012 qui
471 3961 521 4004 ure.
547 3947 653 3998 totidem
694 3937 737 3998 tu‘r
748 3946 886 3998 eraeuullo
898 3942 972 3994 nrodo
983 3951 1081 4007 potent.
1099 3946 1219 3997 Terent:

125 4023 231 4074 audiar:
251 4025 359 4072 Torreat.
391 4023 464 4086 [Vat.
477 4026 500 4072 l.
517 4035 562 4084 orn
577 4035 602 4071 re
612 4021 651 4071 dt·
725 4027 756 4072 54
768 4020 890 4084 Nililrrn]
903 4020 934 4070 in
947 4017 1040 4084 quibua
1051 4019 1114 4069 nibil
1124 4030 1167 4073 eat
1177 4037 1222 4087 pe·

126 4097 221 4160 viaim.]
692 4097 775 4149 riculi.

157 4177 191 4224 47
212 4173 341 4237 Deripiunt
362 4173 450 4236 aaran]
474 4175 560 4227 Quare
579 4174 652 4224 atulti
725 4179 756 4222 ot
776 4169 907 4233 laoaarpo]
922 4167 953 4218 ln
965 4167 1080 4231 planitie.

127 4249 187 4299 aiut.
727 4249 759 4298 bd
776 4246 842 4298 Hrio
853 4245 956 4310 uniam]
973 4241 1042 4294 iiuie
1057 4245 1221 4296 eontrarium.

192 4329 277 4392 Delplr.
286 4335 311 4379 et
326 4329 382 4382 Ver.
395 4330 461 4381 clar.
630 4328 722 4380 Horat.
1101 4331 1115 4374 tl
1134 4325 1157 4376 Ρ
