2875 4709
223 424 308 491 1444
462 465 467 472 -
574 435 680 486 noun
704 437 905 486 vautouuu
930 437 970 486 ru

223 602 238 635 a
250 587 355 646 Petere,
367 583 452 647 Lyciae
463 581 580 644 civitate,
590 582 750 631 ubirnanime
788 587 841 630 est:
859 579 941 629 Terra
954 587 1048 638 mater,
1060 577 1181 641 imposita
1191 581 1321 629 monstro·

223 661 365 711 colebatur.
788 657 821 704 sin
833 655 978 718 gigantibus
987 657 1038 703 suis
1049 653 1116 714 tiliis,
1128 655 1208 715 dolet,
1219 663 1247 704 et
1258 669 1322 705 mor·

255 739 288 785 oe
304 734 421 784 Deliaaet
439 733 554 780 Patareus
564 731 659 795 Apollo]
682 732 750 783 Quia
788 730 907 788 ret,'suos
926 741 1014 795 partus
1032 745 1090 780 esse
1104 729 1213 780 fulmine
1229 731 1321 780 missos

221 809 328 873 ‘Lyciae
335 807 456 858 dumeta'
466 814 495 857 et
505 811 513 836 ⁸
524 809 638 856 natalem
646 807 735 856 silvam
745 808 752 830 ’
788 805 820 855 ad
834 807 942 862 Orcum,
953 805 978 855 id
991 814 1040 867 est,
1051 807 1083 855 ad
1101 806 1224 869 Plutona,
1242 821 1322 870 supra

222 886 335 946 diaerat,
356 886 455 948 optime
476 883 528 933 dno
550 883 680 933 adduntur
695 885 751 947 epi·
787 883 890 932 modum
911 883 1044 946 pallidum,
1063 891 1091 932 et
1111 881 1212 932 inferno
1232 885 1320 933 colore

223 963 314 1010 tiretat
330 961 426 1020 Deliae,
435 958 470 1008 ob
480 960 569 1008 natale
585 960 682 1008 solum:
700 960 751 1008 Pa·
788 957 922 1008 fedatum.
955 958 1048 1018 Irtieeta
1074 957 1197 1020 monstris]
1222 957 1320 1007 Pathos

221 1036 346 1086 tureaaob
365 1037 487 1084 Pataram
506 1035 593 1098 Lyciae
610 1035 708 1097 runem,
725 1037 751 1084 iu
788 1033 1016 1096 maternum,qnorl
1028 1035 1321 1096 ipsameteogaturesae

222 1125 272 1174 qua
298 1109 426 1174 Apollinis
448 1108 592 1170 delubrum,
611 1109 703 1172 opibus
725 1119 752 1160 et
789 1109 868 1158 ultrix
882 1107 1113 1156 nuorumiilioruru.
1133 1109 1206 1170 Craq.

222 1186 321 1235 oraculi
342 1186 395 1234 fide
423 1185 551 1247 Delphico
573 1185 634 1233 olim
660 1185 751 1234 simile.
820 1190 852 1234 tt
871 1185 923 1233 Nee
931 1185 1034 1246 peredit]
1050 1181 1227 1245 Amplifieatio
1239 1182 1272 1230 ab
1284 1197 1319 1231 re·

222 1263 354 1311 Musarum
366 1276 429 1324 ergo
445 1261 539 1324 gratia,
553 1257 642 1308 landes
653 1260 752 1323 Apolli·
770 1291 774 1302 ·
790 1260 911 1308 teruitnte
918 1259 1038 1322 supplicii
1046 1258 1234 1307 damnatorum.
1246 1261 1321 1321 Crnq.

222 1339 263 1388 nis
273 1337 359 1386 obiter
374 1336 417 1385 ltic
435 1337 535 1384 inserit.
568 1335 652 1385 Porro
665 1338 752 1399 gigan·
820 1339 853 1384 to
868 1335 979 1398 AEtnam]
996 1335 1090 1383 Siciliae
1103 1335 1322 1395 mantuanum·

223 1421 278 1462 tunt
294 1413 401 1472 bellum,
413 1417 439 1459 et
457 1410 483 1458 in
502 1425 534 1460 eo
555 1411 698 1474 praestitam
717 1412 751 1459 ab
789 1409 849 1458 lado
861 1410 958 1471 giganti
971 1409 1102 1472 injectum.

222 1487 345 1550 Apolline
355 1500 469 1549 operam,
483 1493 561 1549 atque
573 1486 639 1536 adeo
649 1501 751 1536 omnent
821 1486 851 1533 77
870 1483 1056 1545 larentinentie]
1083 1483 1194 1547 Proprie
1217 1484 1321 1534 inconti-

222 1563 293 1612 illam
312 1559 426 1610 tabutata
447 1562 617 1624 pulcherrime
638 1563 753 1626 explicat
788 1566 869 1609 nentes
890 1568 968 1624 atque
990 1561 1173 1622 internperenteq
1199 1575 1321 1610 vocamur

223 1637 341 1687 Maerob.
351 1636 457 1685 Saturn.
470 1651 489 1685 t.
501 1640 543 1687 2⁰.
561 1638 670 1695 Torreat.
789 1651 843 1697 eos,
855 1651 918 1700 quoa
931 1636 1038 1699 inpensis
1050 1645 1076 1686 et
1088 1634 1235 1686 ἀκολάστους
1246 1637 1322 1686 Gru·

257 1718 289 1762 6⁶
312 1713 354 1762 Via
364 1712 446 1760 nonnil
457 1710 552 1774 expers]
569 1712 628 1760 Huc
645 1713 752 1775 respicit
788 1713 830 1767 cit
847 1713 890 1775 qui
905 1722 975 1762 tactu
986 1720 1151 1777 gustataque,
1160 1727 1204 1763 seu
1217 1713 1320 1762 Venere

222 1789 359 1839 Claudien.
382 1788 527 1838 ‘Nonsolis
539 1787 637 1836 viribus
648 1803 751 1853 equam
789 1803 819 1837 ac
836 1789 905 1850 gerla,
919 1789 1081 1851 delinquunt.
1115 1789 1186 1839 Quas
1198 1803 1321 1840 sensuum

224 1865 358 1914 Credere:
372 1863 751 1927 napeaeripotiorprudentin
789 1865 896 1913 istorum
920 1865 1066 1927 voluptates
1090 1865 1150 1928 qula
1172 1879 1321 1915 communen

222 1939 332 1990 dextra!
358 1940 397 1987 Ae
410 1946 487 1987 notun
497 1940 540 1986 ille
553 1939 683 2002 Euripidis
694 1953 752 1988 rer·
788 1939 911 1989 habemus
924 1953 980 1988 euru
994 1939 1094 2000 belluis,
1105 1939 1164 1989 ideo
1180 1941 1231 1990 illis
1244 1955 1320 2003 quara

221 2029 264 2064 ans
276 2030 283 2063 t
300 2012 433 2076 Σοφὸυγδρ
444 2012 470 2061 lu
479 2012 648 2073 &lampares
658 2013 753 2064 πολλὰς
789 2016 846 2063 aliis
855 2015 1322 2078 delinqueredetestabiliualrabetur.

222 2089 295 2152 xepds
306 2091 378 2152 Neai.
412 2091 471 2139 Quo
490 2088 612 2150 prudenti
630 2103 753 2138 unoeou·
789 2089 925 2140 Quomodo
944 2103 1005 2137 uero
1025 2087 1149 2139 differant
1168 2091 1273 2152 inparis
1292 2101 1321 2142 et

222 2166 279 2214 silio
292 2166 386 2213 multas
404 2163 470 2213 vinei
481 2178 570 2212 manus
583 2169 692 2212 testatus
704 2172 753 2216 est.
789 2163 932 2219 ἀκόλαστος,
953 2163 1033 2214 Arist.
1055 2166 1134 2215 tradit
1149 2167 1182 2215 de
1203 2165 1321 2216 Moribus

226 2238 374 2299 Viaconrili]
391 2238 752 2303 Robureorpqris,sinepru-
789 2240 867 2289 lib-t.
894 2239 962 2290 Vide
974 2240 1087 2290 Gellium
1107 2255 1166 2290 ιιι.
1183 2245 1207 2291 7.
1224 2247 1252 2290 et
1264 2241 1322 2291 Ma·

222 2315 375 2376 dentia,suo
384 2315 480 2363 labitur
488 2315 597 2376 impetu.
629 2315 751 2376 [Vetern-
789 2318 860 2366 erob.
868 2327 986 2367 extremo
996 2317 1040 2366 lib.
1051 2330 1081 2368 u.
1091 2318 1196 2367 Satura.
1209 2319 1320 2368 Torreat.

222 2389 687 2454 nutemsmuuarattcaetput
790 2393 962 2442 incontinentia
982 2407 1024 2442 nec
1047 2393 1126 2457 Tityi]
1154 2395 1212 2444 Neo
1234 2396 1321 2443 ruitur

255 2472 288 2516 oo
308 2467 363 2516 Vin
373 2465 539 2529 temperatura]
559 2465 636 2514 Vires
646 2465 752 2514 oonsilio
789 2470 912 2533 relinquit
924 2469 1047 2531 peredere
1057 2471 1137 2533 jecur
1157 2470 1228 2534 Tityi
1249 2470 1321 2518 lurtu-

223 2543 382 2605 gubernatas
394 2543 440 2590 Dii
453 2549 557 2604 augent».
789 2545 859 2608 riosi,
868 2545 1025 2609 quiLatoute
1036 2553 1153 2608 stuprum
1166 2545 1264 2594 int‘erre
1277 2559 1321 2594 oo·

253 2622 287 2667 68
304 2616 439 2678 Menanter]
457 2617 532 2665 Vires
546 2617 692 2678 cogitantes
704 2617 750 2666 iui-
788 2627 924 2670 natusest.
974 2665 977 2672 ,
1035 2665 1039 2672 ,
1182 2663 1185 2670 ,

221 2693 355 2758 quitatem.
819 2699 851 2744 78
869 2695 991 2758 Nequitia
1005 2695 1113 2758 additus]
1138 2696 1320 2759 intemperan-

254 2773 287 2817 oo
305 2769 458 2817 Gentianam
476 2768 567 2831 Gigas]
593 2768 623 2818 lu
646 2770 750 2833 quibus·
788 2771 831 2820 tias
843 2773 922 2835 ipsius
936 2777 1069 2836 appositus
1086 2781 1181 2833 eustos,
1199 2780 1226 2820 ut
1246 2773 1269 2820 ei
1287 2771 1321 2821 sit

222 2843 281 2892 dam
299 2843 439 2906 ueteribus,
455 2844 532 2907 Gyas.
566 2844 634 2894 Vide.
652 2847 751 2896 Muret.
787 2845 904 2897 luteum.
925 2848 993 2896 Vide
1005 2847 1116 2897 Gellium
1130 2853 1232 2897 utull.
1268 2849 1321 2899 Ne-

222 2919 484 2969 Var.1eet.vr.l³.
527 2920 678 2972 Cealinaaur
697 2922 749 2985 Gy·
787 2922 869 2982 quirin
891 2923 987 2972 additus
1008 2925 1098 2986 matos]
1130 2925 1319 2988 ‘Nequitiam'

219 2995 278 3058 gas]
295 2995 427 3057 Briareus,
437 2995 469 3043 tle
480 3010 531 3058 quo
540 2997 599 3044 ride
607 3010 637 3045 rr.
650 2997 703 3046 0d.
711 3002 751 3048 tr.
787 2995 829 3044 hie
841 3011 888 3059 pro
907 2997 1013 3046 libidine
1029 2999 1099 3060 poni,
1118 2999 1177 3046 iude
1197 2997 1320 3048 manifes-

255 3075 289 3120 70
308 3072 413 3131 Integra
425 3069 526 3131 Βίου]
552 3071 637 3119 Gnate
647 3073 751 3121 Dianas.
787 3077 840 3118 tum
852 3080 903 3133 est,
912 3071 980 3136 quod
991 3073 1151 3136 Tityrumde
1167 3089 1217 3138 quo
1234 3075 1321 3124 adhue

254 3149 284 3192 71
305 3145 420 3193 Tentator
430 3145 529 3207 Dione]
555 3145 614 3195 Hoc
633 3155 684 3205 est,
697 3156 750 3196 stu-
787 3147 910 3211 loquitur,
922 3149 1125 3198 incontinentem
1145 3157 1230 3200 venat.
1264 3151 1319 3200 Sed

223 3222 264 3285 pri
274 3221 434 3270 sollicitator.
467 3222 590 3271 Sieeuim
601 3223 660 3271 Val.
677 3225 750 3275 Man.
786 3222 1121 3288 de‘ueqaitina'vooabulo
1135 3226 1241 3289 egregie
1255 3227 1320 3277 Gel-

225 3309 264 3344 vr.
287 3299 310 3344 t.
341 3295 461 3345 ‘citatus
488 3297 575 3360 itaque
601 3298 750 3348 Scantinius
786 3299 947 3349 lintrenll.

222 3385 293 3432 reue,
314 3385 363 3420 nno
384 3379 461 3432 teste,
482 3373 526 3436 qui
544 3379 659 3422 tentatus
680 3383 750 3436 erat,
818 3379 851 3424 79
866 3376 1013 3439 Amatorem]
1030 3376 1249 3442 Invidioseatque
1263 3393 1320 3429 om·

187 3497 193 3505 ,
223 3448 360 3496 damnatus
382 3453 441 3498 ert:
471 3449 648 3509 ‘Teutatnm,'
671 3459 748 3500 noent
785 3451 847 3500 uiuo
867 3452 892 3501 in
911 3453 1002 3501 malam
1022 3462 1122 3515 partem
1143 3455 1180 3502 sie
1200 3455 1320 3517 appellat

222 3523 424 3586 adolescentem,
434 3539 510 3588 quern
523 3525 554 3574 de
571 3533 661 3590 stupro
678 3528 748 3576 solli·
786 3527 938 3590 Pirithoum,
950 3529 992 3592 qui
1005 3543 1122 3579 unacum
1138 3531 1239 3580 Theren
1252 3533 1318 3582 Pro-

220 3601 347 3649 eitaverat
363 3601 518 3651 Scantinius.
551 3602 632 3665 Cujus
650 3600 747 3652 tactum
785 3605 914 3666 serplnam
926 3618 1016 3666 repere
1027 3619 1100 3654 ansus
1112 3604 1207 3656 fuerit:
1221 3621 1272 3671 qua
1284 3591 1320 3657 de

219 3675 363 3738 improbum
392 3677 442 3738 legi
463 3675 612 3736 Scantiniae,
634 3691 691 3740 quse
714 3678 748 3726 de
786 3691 813 3726 re
827 3679 946 3740 pluratv.
959 3680 1046 3730 out.
1066 3681 1175 3731 Torreat.

221 3751 346 3813 pudicitia
358 3759 422 3806 erat,
434 3766 525 3800 nomeu
536 3751 639 3800 dedisse
650 3754 748 3802 volunt.
817 3756 849 3800 8⁰
868 3753 1002 3802 Pirithoum
1023 3753 1142 3818 cohibent]
1171 3755 1269 3806 Ixionis
1289 3765 1319 3808 et

221 3827 279 3875 Nee
303 3826 425 3876 dissimile
446 3833 496 3886 ert,
517 3827 593 3890 qnod,
608 3835 614 3856 ¹
620 3826 747 3890 judicium
784 3827 844 3876 Dite
867 3827 958 3894 filium,
978 3839 1117 3880 amatorem
1141 3832 1319 3898 Proserpina,

219 3908 322 3950 tentare
340 3902 465 3966 pecunia'
483 3901 547 3951 dicit
558 3903 613 3952 Cic.
625 3917 672 3966 pro
687 3905 747 3952 Mn·
784 3919 859 3968 qnam
869 3913 1163 3969 raperequumtentaret
1173 3908 1318 3970 Pirithous,

221 3990 289 4025 rena.
316 3977 356 4024 De
369 3977 466 4028 Orione
478 3977 588 4026 diximus
601 3992 631 4028 u.
644 3979 746 4030 0d.28.
784 3981 882 4028 eatenis
901 3981 996 4031 dieitur
1015 3983 1155 4047 implicitus
1172 3998 1228 4032 esse
1247 3985 1317 4051 apud

222 4051 289 4102 Tur.
324 4055 399 4103 Orion
417 4053 520 4118 Diana]
536 4055 747 4118 Orlonrenator,
784 4058 892 4107 inseror.

221 4134 337 4189 stuprare
348 4138 456 4181 conatus
466 4131 589 4195 Dianam,
598 4131 655 4194 ejna
667 4133 747 4196 sagit·
784 4133 847 4186 Onu
868 4147 895 4182 v.
927 4134 1088 4196 ssepaima-i
1120 4137 1182 4186 Divi
1204 4138 1316 4204 Augusti

220 4203 254 4250 tis
262 4210 304 4250 est
315 4203 457 4256 confossus.
816 4207 916 4264 landes,
925 4209 1010 4259 Crassi
1024 4211 1193 4274 vituperium:
1219 4215 1314 4279 Reguli

253 4281 284 4326 77
313 4277 404 4337 Iniecta
424 4284 534 4331 monstris
558 4279 644 4345 Terra]
673 4283 747 4334 Ordo
816 4284 972 4348 constantia,
988 4295 1015 4336 et
1037 4287 1068 4336 ad
1093 4288 1186 4338 Poenos
1209 4292 1314 4340 reditus.
